<?xml version="1.0" encoding="UTF-8"?><collection xmlns="http://www.loc.gov/MARC21/slim"><record><leader>00373nam--2200121-i-4500</leader><controlfield tag="001">000016217</controlfield><controlfield tag="002">20161230</controlfield><controlfield tag="005">20161230201031</controlfield><controlfield tag="008">060222s1000------------r-----000-0-eng-d</controlfield><datafield ind1=" " ind2=" " tag="100"><subfield code="a">Martin,Alix L</subfield></datafield><datafield ind1=" " ind2=" " tag="245"><subfield code="a">Etude des effets thermiques de teinture des fibres cellulosiques par les colorants reactif s.these</subfield></datafield><datafield ind1=" " ind2=" " tag="260"><subfield code="a">Marseille,Faculte Des Sciences,1961. 7op</subfield></datafield><datafield ind1=" " ind2=" " tag="852"><subfield code="a">77961</subfield></datafield></record></collection>